<record><leader>00000cas a22000007a 4500</leader><controlfield tag="001">12041272</controlfield><controlfield tag="008">850516d19341942pauwr ne      0    0eng d</controlfield><controlfield tag="009">5601</controlfield><datafield ind1=" " ind2=" " tag="010"><subfield code="a">sn 85054577 </subfield></datafield><datafield ind1=" " ind2=" " tag="040"><subfield code="a">NPH</subfield><subfield code="b">eng</subfield><subfield code="c">NPH</subfield><subfield code="d">DLC</subfield><subfield code="d">OCLCQ</subfield></datafield><datafield ind1=" " ind2=" " tag="042"><subfield code="a">msc</subfield></datafield><datafield ind1="0" ind2="4" tag="245"><subfield code="a">The Houtzdale citizen and Coalport standard.</subfield></datafield><datafield ind1=" " ind2=" " tag="260"><subfield code="a">Houtzdale, Pa. :</subfield><subfield code="b">J.W. Reed and Sons,</subfield><subfield code="c">1934-1942.</subfield></datafield><datafield ind1=" " ind2=" " tag="300"><subfield code="a">8 v. ;</subfield><subfield code="c">56 cm.</subfield></datafield><datafield ind1=" " ind2=" " tag="310"><subfield code="a">Weekly</subfield></datafield><datafield ind1="0" ind2=" " tag="362"><subfield code="a">Vol. 63, no. 18 (Apr. 26, 1934)-v. 9, no. 3 (June 25, 1942).</subfield></datafield><datafield ind1=" " ind2=" " tag="500"><subfield code="a">Published every Thursday.</subfield></datafield><datafield ind1=" " ind2=" " tag="752"><subfield code="a">United States</subfield><subfield code="b">Pennsylvania</subfield><subfield code="c">Clearfield</subfield><subfield code="d">Houtzdale.</subfield></datafield><datafield ind1="0" ind2="4" tag="780"><subfield code="t">Houtzdale citizen</subfield><subfield code="w">(DLC)sn 85054575</subfield></datafield><datafield ind1="0" ind2="4" tag="780"><subfield code="t">Coalport standard</subfield><subfield code="w">(DLC)sn 85054576</subfield></datafield><datafield ind1="0" ind2="0" tag="785"><subfield code="t">Citizen-standard</subfield><subfield code="w">(DLC)sn 85054578</subfield></datafield></record>